<?xml version="1.0" encoding="UTF-8"?><record xmlns="http://www.loc.gov/MARC21/slim" xmlns:cinclude="http://apache.org/cocoon/include/1.0" xmlns:zs="http://www.loc.gov/zing/srw/">
  <leader>00364nz  a2200121n  4500</leader>
  <controlfield tag="001">n 2003085763</controlfield>
  <controlfield tag="003">DLC</controlfield>
  <controlfield tag="005">20031216154232.0</controlfield>
  <controlfield tag="008">031216n| acannaabn          |n aad      </controlfield>
  <datafield tag="010" ind1=" " ind2=" ">
    <subfield code="a">n 2003085763</subfield>
  </datafield>
  <datafield tag="040" ind1=" " ind2=" ">
    <subfield code="a">DLC</subfield>
    <subfield code="b">eng</subfield>
    <subfield code="c">DLC</subfield>
  </datafield>
  <datafield tag="100" ind1="1" ind2=" ">
    <subfield code="a">Maneﾌ］, Juan,</subfield>
    <subfield code="d">1883-1971.</subfield>
    <subfield code="t">Miniatures</subfield>
  </datafield>
  <datafield tag="670" ind1=" " ind2=" ">
    <subfield code="a">Turina, Joaquiﾌ］. La oracioﾌ］ del torero, p1998:</subfield>
    <subfield code="b">note (Miniatures / Joan Maneﾌ］)</subfield>
  </datafield>
</record>